<record><leader>00000cas a22000007a 4500</leader><controlfield tag="001">16679284</controlfield><controlfield tag="008">870914d185018uupauwr ne      0    0eng d</controlfield><datafield ind1=" " ind2=" " tag="010"><subfield code="a">sn 87080531 </subfield></datafield><datafield ind1=" " ind2=" " tag="040"><subfield code="a">NPH</subfield><subfield code="b">eng</subfield><subfield code="c">NPH</subfield><subfield code="d">OCLCQ</subfield></datafield><datafield ind1=" " ind2=" " tag="042"><subfield code="a">msc</subfield></datafield><datafield ind1="0" ind2="0" tag="245"><subfield code="a">St. Mary's Republican.</subfield></datafield><datafield ind1="3" ind2="0" tag="246"><subfield code="a">Republican</subfield></datafield><datafield ind1="3" ind2="0" tag="246"><subfield code="a">Saint Mary's Republican</subfield></datafield><datafield ind1=" " ind2=" " tag="260"><subfield code="a">St. Mary's, Elk Co., Pa. :</subfield><subfield code="b">C.B. Cotter,</subfield><subfield code="c">1850-</subfield></datafield><datafield ind1=" " ind2=" " tag="300"><subfield code="a">v.</subfield></datafield><datafield ind1=" " ind2=" " tag="310"><subfield code="a">Weekly</subfield></datafield><datafield ind1="0" ind2=" " tag="362"><subfield code="a">Vol. 1, no. 1 (Jan. 5, 1850)-</subfield></datafield><datafield ind1=" " ind2=" " tag="752"><subfield code="a">United States</subfield><subfield code="b">Pennsylvania</subfield><subfield code="c">Elk</subfield><subfield code="d">Saint Marys.</subfield></datafield></record>